<record><leader>00000cas a22000007a 4500</leader><controlfield tag="001">16930231</controlfield><controlfield tag="008">871103c19409999ctuwr ne      0   b0ukr d</controlfield><datafield ind1=" " ind2=" " tag="010"><subfield code="a">sn 87080674 </subfield></datafield><datafield ind1=" " ind2=" " tag="040"><subfield code="a">NPH</subfield><subfield code="b">eng</subfield><subfield code="c">NPH</subfield><subfield code="d">NSD</subfield><subfield code="d">NPH</subfield><subfield code="d">OCLCQ</subfield><subfield code="d">DLC</subfield><subfield code="d">OCLCF</subfield><subfield code="d">OCLCO</subfield><subfield code="d">DLC</subfield><subfield code="d">OCLCQ</subfield><subfield code="d">NLC</subfield></datafield><datafield ind1=" " ind2=" " tag="012"><subfield code="m">y</subfield></datafield><datafield ind1=" " ind2=" " tag="016"><subfield code="a">(AMICUS)000013397240</subfield></datafield><datafield ind1="1" ind2=" " tag="022"><subfield code="a">1042-5640</subfield><subfield code="l">1042-5640</subfield><subfield code="y">0096-3216</subfield><subfield code="2">1</subfield></datafield><datafield ind1="1" ind2=" " tag="029"><subfield code="a">AU@</subfield><subfield code="b">000025815992</subfield></datafield><datafield ind1=" " ind2=" " tag="032"><subfield code="a">291460</subfield><subfield code="b">USPS</subfield></datafield><datafield ind1=" " ind2=" " tag="037"><subfield code="b">Karpatska Rus&#697;, 184 Old County Road, Higganum, CT 06441</subfield></datafield><datafield ind1="0" ind2=" " tag="041"><subfield code="a">ukr</subfield><subfield code="a">eng</subfield></datafield><datafield ind1=" " ind2=" " tag="042"><subfield code="a">msc</subfield><subfield code="a">nsdp</subfield></datafield><datafield ind1=" " ind2=" " tag="043"><subfield code="a">n-us---</subfield></datafield><datafield ind1="0" ind2="0" tag="050"><subfield code="a">Newspaper</subfield></datafield><datafield ind1=" " ind2="0" tag="222"><subfield code="a">Karpatska Rus&#697;</subfield></datafield><datafield ind1="0" ind2="0" tag="245"><subfield code="a">Karpatska Rus&#697; =</subfield><subfield code="b">Carpatho-Russia.</subfield></datafield><datafield ind1="3" ind2="1" tag="246"><subfield code="a">Carpatho Russia</subfield></datafield><datafield ind1=" " ind2=" " tag="260"><subfield code="3">1940-2012</subfield><subfield code="a">Yonkers, N.Y. :</subfield><subfield code="b">Lemko Association of the United States and Canada,</subfield><subfield code="c">1940-</subfield></datafield><datafield ind1="3" ind2=" " tag="260"><subfield code="3">2001-&lt;2005&gt;</subfield><subfield code="a">Allentown, N.J. :</subfield><subfield code="b">Lemko Association of the United States and Canada</subfield></datafield><datafield ind1="3" ind2=" " tag="260"><subfield code="3">2012-</subfield><subfield code="a">Higganum, CT :</subfield><subfield code="b">Lemko Association of the United States and Canada</subfield></datafield><datafield ind1=" " ind2=" " tag="300"><subfield code="a">volumes :</subfield><subfield code="b">illustrations ;</subfield><subfield code="c">43 cm</subfield></datafield><datafield ind1=" " ind2=" " tag="310"><subfield code="a">Weekly</subfield></datafield><datafield ind1=" " ind2=" " tag="321"><subfield code="a">Semiweekly,</subfield><subfield code="b">Jan. 12, 1940-&lt;1946&gt;</subfield></datafield><datafield ind1=" " ind2=" " tag="336"><subfield code="a">text</subfield><subfield code="b">txt</subfield><subfield code="2">rdacontent</subfield></datafield><datafield ind1=" " ind2=" " tag="337"><subfield code="a">unmediated</subfield><subfield code="b">n</subfield><subfield code="2">rdamedia</subfield></datafield><datafield ind1=" " ind2=" " tag="338"><subfield code="a">volume</subfield><subfield code="b">nc</subfield><subfield code="2">rdacarrier</subfield></datafield><datafield ind1="0" ind2=" " tag="362"><subfield code="a">Vol. 13, no. 2 (Jan. 12, 1940)-</subfield></datafield><datafield ind1="8" ind2=" " tag="521"><subfield code="a">"Carpatho-Russian newspaper ..."</subfield></datafield><datafield ind1=" " ind2=" " tag="546"><subfield code="a">In Ruthenian and English.</subfield></datafield><datafield ind1=" " ind2=" " tag="588"><subfield code="a">Latest issue consulted: Ch. 47 (9 dek. 1988).</subfield></datafield><datafield ind1=" " ind2="0" tag="650"><subfield code="a">Ruthenians</subfield><subfield code="z">United States</subfield><subfield code="v">Newspapers.</subfield></datafield><datafield ind1=" " ind2="7" tag="650"><subfield code="a">Ruthenians.</subfield><subfield code="2">fast</subfield><subfield code="0">(OCoLC)fst01102572</subfield></datafield><datafield ind1=" " ind2="7" tag="651"><subfield code="a">United States.</subfield><subfield code="2">fast</subfield><subfield code="0">(OCoLC)fst01204155</subfield></datafield><datafield ind1=" " ind2="7" tag="655"><subfield code="a">Newspapers.</subfield><subfield code="2">fast</subfield><subfield code="0">(OCoLC)fst01423814</subfield></datafield><datafield ind1="2" ind2=" " tag="710"><subfield code="a">Lemko-Soi&#65056;u&#65057;z (Yonkers, N.Y.)</subfield></datafield><datafield ind1=" " ind2=" " tag="752"><subfield code="a">United States</subfield><subfield code="b">New York</subfield><subfield code="c">Westchester</subfield><subfield code="d">Yonkers.</subfield></datafield><datafield ind1=" " ind2=" " tag="752"><subfield code="a">United States</subfield><subfield code="b">New Jersey</subfield><subfield code="c">Monmouth</subfield><subfield code="d">Allentown.</subfield></datafield><datafield ind1=" " ind2=" " tag="752"><subfield code="a">United States</subfield><subfield code="b">Connecticut</subfield><subfield code="c">Middlesex</subfield><subfield code="d">Higganum.</subfield></datafield><datafield ind1="0" ind2="0" tag="780"><subfield code="t">Lemko</subfield><subfield code="w">(DLC)sn 89077239</subfield></datafield></record>